@ARTICLE{Javidi12_Journal,
   author = {Naghshvar, M. and Javidi, T.},
    title = {Active Sequential Hypothesis Testing},
  journal = {IEEE Transactions on Information Theory (to appear)},
     year = {2012},
    month = {March}
}

@article{Fujishige,
author = {Fujishige, Satoru},
title = {Lexicographically Optimal Base of a Polymatroid with Respect to a Weight Vector},
journal = {Mathematics of Operations Research},
volume = {5},
number = {2},
pages = {186-196},
year = {1980},
doi = {10.1287/moor.5.2.186},

URL = {http://pubsonline.informs.org/doi/abs/10.1287/moor.5.2.186},
eprint = {http://pubsonline.informs.org/doi/pdf/10.1287/moor.5.2.186}
}


@article{Wolfe,
author={Wolfe, Phillip},
year={1976},
issn={0025-5610},
journal={Mathematical Programming},
volume={11},
number={1},
doi={10.1007/BF01580381},
title={Finding the nearest point in A polytope},
url={http://dx.doi.org/10.1007/BF01580381},
publisher={Springer-Verlag},
author={Wolfe, Philip},
pages={128-149},
language={English}
}
@incollection{Edmond,
author={Edmonds,Jack},
year={2003},
isbn={978-3-540-00580-3},
booktitle={Combinatorial Optimization — Eureka, You Shrink!},
volume={2570},
series={Lecture Notes in Computer Science},
editor={Jünger, Michael and Reinelt, Gerhard and Rinaldi, Giovanni},
title={Submodular Functions, Matroids, and Certain Polyhedra},
publisher={Springer Berlin Heidelberg},
author={Edmonds, Jack},
pages={11-26},
language={English}
}

@INPROCEEDINGS{Feige07maximizingnon-monotone,
    author = {Uriel Feige and Vahab S. Mirrokni},
    title = {Maximizing non-monotone submodular functions},
    booktitle = {In Proceedings of 48th Annual IEEE Symposium on Foundations of Computer Science (FOCS},
    year = {2007},
    pages = {2007}
}

@article{Nemhauser,
author = {Nemhauser, G. L. and Wolsey, L. A.},
title = {Best Algorithms for Approximating the Maximum of a Submodular Set Function},
journal = {Mathematics of Operations Research},
volume = {3},
number = {3},
pages = {177-188},
year = {1978},
doi = {10.1287/moor.3.3.177},

URL = {http://pubsonline.informs.org/doi/abs/10.1287/moor.3.3.177},
eprint = {http://pubsonline.informs.org/doi/pdf/10.1287/moor.3.3.177}
}

@inproceedings{Vondrak,
 author = {Vondrak, Jan},
 title = {Optimal Approximation for the Submodular Welfare Problem in the Value Oracle Model},
 booktitle = {Proceedings of the 40th Annual ACM Symposium on Theory of Computing},
 series = {STOC '08},
 year = {2008},
 isbn = {978-1-60558-047-0},
 location = {Victoria, British Columbia, Canada},
 pages = {67--74},
 numpages = {8},
 url = {http://doi.acm.org/10.1145/1374376.1374389},
 doi = {10.1145/1374376.1374389},
 acmid = {1374389},
 publisher = {ACM},
 address = {New York, NY, USA},
 keywords = {combinatorial auctions, matroids, submodular functions},
} 

@article{Bach,
 author = {Bach, Francis},
 title = {Learning with submodular functions: A Convex Optimization Perspective},
 year = {2013},
 journal={To appear in Foundations and Trends in Machine Learning}
 } 
@article{Toshev,
 author = {Toshev, Alexander},
 title = {Submodular Function Minimization},
 year = {2010},
 journal={WPE II Document, University of Pennsylvania}
 } 

@inproceedings{Golovin,
  author    = {Daniel Golovin and Andreas Krause},
  title     = {Adaptive Submodularity: A New Approach to Active Learning and Stochastic Optimization},
  booktitle = {COLT},
  year      = {2010},
  pages     = {333-345},
  ee        = {http://colt2010.haifa.il.ibm.com/papers/COLT2010proceedings.pdf},
  bibsource = {DBLP, http://dblp.uni-trier.de}
}

@article{GolovinK11,
  author    = {Daniel Golovin and
               Andreas Krause},
  title     = {Adaptive Submodularity: Theory and Applications in Active
               Learning and Stochastic Optimization},
  journal   = {J. Artif. Intell. Res. (JAIR)},
  volume    = {42},
  year      = {2011},
  pages     = {427-486},
  ee        = {http://dx.doi.org/10.1613/jair.3278},
  bibsource = {DBLP, http://dblp.uni-trier.de}
}

@article{krausefeature,
  title={Near-optimal nonmyopic value of information in graphical models},
  author={Krause, Andreas and Guestrin, Carlos E},
  journal={arXiv preprint arXiv:1207.1394},
  year={2012}
}
@article{jie,
  title={Joint Transfer and Batch-mode Active Learning},
  author={Chattopadhyay, Rita and Fan, Wei and Davidson, Ian and Panchanathan, Sethuraman and Ye, Jieping}
}

@inproceedings{GJA10,
 author = {Gomez Rodriguez, Manuel and Leskovec, Jure and Krause, Andreas},
 title = {Inferring networks of diffusion and influence},
 booktitle = {Proceedings of the 16th ACM SIGKDD international conference on Knowledge discovery and data mining},
 series = {KDD '10},
 year = {2010},
 pages = {1019--1028},
}

@inproceedings{KKT03,
 author = {Kempe, David and Kleinberg, Jon and Tardos, \'{E}va},
 title = {Maximizing the spread of influence through a social network},
 booktitle = {Proceedings of the ninth ACM SIGKDD international conference on Knowledge discovery and data mining},
 series = {KDD '03},
 year = {2003},
 pages = {137--146}
}

@article{GB12,
  author = {Gomez-Rodriguez, Manuel and Sch{\"o}lkopf, Bernhard},
  journal = {CoRR},
  title = {Submodular Inference of Diffusion Networks from Multiple Trees},
  volume = {abs/1205.1671},
  year = 2012
}

@inproceedings{Bharathi:2007,
 author = {Bharathi, Shishir and Kempe, David and Salek, Mahyar},
 title = {Competitive influence maximization in social networks},
 booktitle = {Proceedings of the 3rd international conference on Internet and network economics},
 series = {WINE'07},
 year = {2007},
 pages = {306--311},
}

@inproceedings{Borodin:2010,
year={2010},
booktitle={Internet and Network Economics},
series={WINE'10},
title={Threshold Models for Competitive Influence in Social Networks},
author={Borodin, Allan and Filmus, Yuval and Oren, Joel},
pages={539-550}
}

@inproceedings{chen2011influence,
  title={Influence maximization in social networks when negative opinions may emerge and propagate},
  author={Chen, Wei and Collins, Alex and Cummings, Rachel and Ke, Te and Liu, Zhenming and Rincon, David and Sun, Xiaorui and Wang, Yajun and Wei, Wei and Yuan, Yifei},
  booktitle={Proceedings of the 11th SIAM International Conference on Data Mining},
  pages={379--390},
  series={SDM'11},
  year={2011}
}

@inproceedings{he2012influence,
  title={Influence blocking maximization in social networks under the competitive linear threshold model},
  author={He, Xinran and Song, Guojie and Chen, Wei and Jiang, Qingye},
  year={2012},
  booktitle={Proceedings of the 12th SIAM International Conference on Data Mining},
  series={SDM'12},
}

@inproceedings{Budak:2011,
 author = {Budak, Ceren and Agrawal, Divyakant and El Abbadi, Amr},
 title = {Limiting the spread of misinformation in social networks},
 booktitle = {Proceedings of the 20th international conference on World wide web},
 series = {WWW '11},
 year = {2011},
 pages = {665--674},
}

@inproceedings{Leskovec:2007:COD:1281192.1281239,
 author = {Leskovec, Jure and Krause, Andreas and Guestrin, Carlos and Faloutsos, Christos and VanBriesen, Jeanne and Glance, Natalie},
 title = {Cost-effective outbreak detection in networks},
 booktitle = {Proceedings of the 13th ACM SIGKDD international conference on Knowledge discovery and data mining},
 series = {KDD '07},
 year = {2007},
 pages = {420--429}
}

@inproceedings{Goyal:2011:COG:1963192.1963217,
 author = {Goyal, Amit and Lu, Wei and Lakshmanan, Laks V.S.},
 title = {CELF++: optimizing the greedy algorithm for influence maximization in social networks},
 booktitle = {Proceedings of the 20th international conference companion on World wide web},
 series = {WWW '11},
 year = {2011},
 pages = {47--48}
}

@inproceedings{DBLP:conf/icdm/ChenYZ10,
  author    = {Wei Chen and
               Yifei Yuan and
               Li Zhang},
  title     = {Scalable Influence Maximization in Social Networks under the Linear Threshold Model},
  booktitle = {ICDM},
  year      = {2010},
  pages     = {88-97}
}

@inproceedings{Chen:2010:SIM:1835804.1835934,
 author = {Chen, Wei and Wang, Chi and Wang, Yajun},
 title = {Scalable influence maximization for prevalent viral marketing in large-scale social networks},
 booktitle = {Proceedings of the 16th ACM SIGKDD international conference on Knowledge discovery and data mining},
 series = {KDD '10},
 year = {2010},
 pages = {1029--1038},
}

@inproceedings{Mossel2007,
 author = {Mossel, Elchanan and Roch, Sebastien},
 title = {On the Submodularity of Influence in Social Networks},
 booktitle = {Proceedings of the Thirty-ninth Annual ACM Symposium on Theory of Computing},
 series = {STOC '07},
 year = {2007},
 pages = {128--134},
} 

@inproceedings{ChenCCKLRSWWY11,
  author = {Wei Chen and Collins, Alex and Cummings, Rachel and Ke, Te and Liu, Zhenming and Rincón, David and Sun, Xiaorui and Wang, Yajun and Wei, Wei and Yuan, Yifei},
  booktitle = {SDM},
  pages = {379-390},
  title = {Influence Maximization in Social Networks When Negative Opinions May Emerge and Propagate.},
  year = 2011
}

@inproceedings{HSCJ2012,
  author	= {Xinran He and Guojie Song and Wei Chen and Qingye Jiang},
  title		= {Influence blocking maximization in social networks under the competitive linear threshold model},
  booktitle	= {Proceedings of the 12th SIAM International Conference on Data Mining},
  year		= 2012
}

@inproceedings{GDB11,
  author = {Gomez-Rodriguez, Manuel and Balduzzi, David and Sch{\"o}lkopf, Bernhard},
  booktitle = {ICML},
  pages = {561-568},
  title = {Uncovering the Temporal Dynamics of Diffusion Networks.},
  year = 2011
}

@inproceedings{SJ10,
  author    = {Seth A. Myers and
               Jure Leskovec},
  title     = {On the Convexity of Latent Social Network Inference},
  booktitle = {NIPS},
  year      = {2010},
  pages     = {1741-1749},
}

@article{JDJCZ10,
 author = {Leskovec, Jure and Chakrabarti, Deepayan and Kleinberg, Jon and Faloutsos, Christos and Ghahramani, Zoubin},
 title = {Kronecker Graphs: An Approach to Modeling Networks},
 journal = {J. Mach. Learn. Res.},
 volume = {11},
 month = mar,
 year = {2010},
 pages = {985--1042},
}

@inproceedings{KJ11,
  author    = {Myunghwan Kim and
               Jure Leskovec},
  title     = {The Network Completion Problem: Inferring Missing Nodes
               and Edges in Networks},
  booktitle = {SDM},
  year      = {2011}
}

@inproceedings{FeldmanNS11,
  author = {Feldman, Moran and Naor, Joseph and Schwartz, Roy},
  booktitle = {FOCS},
  pages = {570-579},
  title = {A Unified Continuous Greedy Algorithm for Submodular Maximization.},
  year = 2011
}

@inproceedings{Chen:2010,
 author = {Chen, Wei and Wang, Chi and Wang, Yajun},
 title = {Scalable Influence Maximization for Prevalent Viral Marketing in Large-scale Social Networks},
 booktitle = {Proceedings of the 16th ACM SIGKDD International Conference on Knowledge Discovery and Data Mining},
 series = {KDD '10},
 year = {2010},
 pages = {1029--1038},
}

@inproceedings{dasgupta2004,
  author = {Dasgupta, Sanjoy},
  biburl = {http://www.bibsonomy.org/bibtex/20cae6b5443996108f3835d466a9ea2ae/dblp},
  booktitle = {NIPS},
  date = {2006-02-13},
  description = {dblp},
  ee = {http://books.nips.cc/papers/files/nips17/NIPS2004_0514.pdf},
  keywords = {dblp},
  timestamp = {2006-02-13T00:00:00.000+0100},
  title = {Analysis of a greedy active learning strategy},
  url = {http://dblp.uni-trier.de/db/conf/nips/nips2004.html\#Dasgupta04},
  year = 2004,
}

@book{Mohri:2012,
 author = {Mohri, Mehryar and Rostamizadeh, Afshin and Talwalkar, Ameet},
 title = {Foundations of Machine Learning},
 year = {2012},
 isbn = {026201825X, 9780262018258},
 publisher = {The MIT Press},
}

@book{Vapnik:2000,
 author = {Vapnik, Vladimir N.},
 title = {The Nature of Statistical Learning Theory},
 year = {2000},
 isbn = {0-387-94559-8},
 publisher = {Springer-Verlag New York, Inc.},
 address = {New York, NY, USA},
}

@article{Vapnik:1999, 
author={Vapnik, V.N.}, 
journal={Neural Networks, IEEE Transactions on}, 
title={An overview of statistical learning theory}, 
year={1999}, 
volume={10}, 
number={5}, 
pages={988-999}, 
keywords={estimation theory;generalisation (artificial intelligence);learning (artificial intelligence);statistical analysis;function estimation;generalization conditions;multidimensional function estimation;statistical learning theory;support vector machines;Algorithm design and analysis;Loss measurement;Machine learning;Multidimensional systems;Pattern recognition;Probability distribution;Risk management;Statistical learning;Support vector machines}, 
doi={10.1109/72.788640}, 
ISSN={1045-9227},
}

@article{dasgupta2011,
 author = {Dasgupta, Sanjoy},
 title = {Two Faces of Active Learning},
 journal = {Theor. Comput. Sci.},
 issue_date = {April, 2011},
 volume = {412},
 number = {19},
 month = apr,
 year = {2011},
 issn = {0304-3975},
 pages = {1767--1781},
 numpages = {15},
 url = {http://dx.doi.org/10.1016/j.tcs.2010.12.054},
 doi = {10.1016/j.tcs.2010.12.054},
 acmid = {1960197},
 publisher = {Elsevier Science Publishers Ltd.},
 address = {Essex, UK},
 keywords = {Active learning, Learning theory},
}

@inproceedings{chen13near,
	Author = {Yuxin Chen and Andreas Krause},
	Booktitle = {International Conference on Machine Learning (ICML)},
	Title = {Near-optimal Batch Mode Active Learning and Adaptive Submodular Optimization},
	Year = {2013},
}

@inproceedings{mirzasoleiman13distributed,
	Author = {Baharan Mirzasoleiman and Amin Karbasi and Rik Sarkar and Andreas Krause},
	Booktitle = {To appear in Neural Information Processing Systems (NIPS)},
	Title = {Distributed Submodular Maximization: Identifying Representative Elements in Massive Data},
	Year = {2013},
}

@inproceedings{golovin10near,
	Author = {Daniel Golovin and Andreas Krause and Debajyoti Ray},
	Booktitle = {Proc. Neural Information Processing Systems (NIPS)},
	Month = {December},
	Title = {Near-Optimal Bayesian Active Learning with Noisy Observations},
	Year = {2010},
}

@inproceedings{zuluaga13active,
	Author = {Marcela Zuluaga and Andreas Krause and Guillaume Sergent and Markus P{\"u}schel},
	Booktitle = {International Conference on Machine Learning (ICML)},
	Title = {Active Learning for Multi-Criterion Optimization},
	Year = {2013},
}

@article{hollinger:2011,
  added-at = {2011-12-05T00:00:00.000+0100},
  author = {Hollinger, Geoffrey A. and Mitra, Urbashi and Sukhatme, Gaurav S.},
  biburl = {http://www.bibsonomy.org/bibtex/2da545ca80697a8def72bc910f6073e74/dblp},
  ee = {http://arxiv.org/abs/1106.5829},
  interhash = {9497fa43880fb94dbdff3106fde59862},
  intrahash = {da545ca80697a8def72bc910f6073e74},
  journal = {CoRR},
  keywords = {dblp},
  timestamp = {2011-12-05T00:00:00.000+0100},
  title = {Active Classification: Theory and Application to Underwater Inspection},
  url = {http://dblp.uni-trier.de/db/journals/corr/corr1106.html},
  volume = {abs/1106.5829},
  year = 2011,
}

@incollection{iwalcal,
author = {Beygelzimer, Alina and Langford, John and Hsu, Daniel and Tong, Zhang},
booktitle = {Advances in Neural Information Processing Systems 23},
ages = {199--207},
title = {{Agnostic Active Learning Without Constraints}},
year = {2011},
pages={199--207},
}

@book{D:BOOK:03,
  title={Constraint Processing},
  author={Dechter, R.},
  isbn={9781558608900},
  lccn={03044562},
  series={The Morgan Kaufmann Series in Artificial Intelligence},
  url={http://books.google.de/books?id=nR-bUtHWLBMC},
  year={2003},
  publisher={Elsevier Science}
}

@ARTICLE{BBDHP:JAIR:04,
    author = {Craig Boutilier and Ronen I. Brafman and Carmel Domshlak and Holger H. Hoos and David Poole},
    title = { {CP}-nets: A Tool for Representing and Reasoning with Conditional Ceteris Paribus Preference Statements},
    journal = {Journal of Artificial Intelligence Research},
    year = {2004},
    volume = {21},
    pages = {135--191}
}

@INPROCEEDINGS{D:IJCAI:07,
 author = {Do, Minh B. and Benton, J. and Van Den Briel, Menkes and Kambhampati, Subbarao},
 title = {Planning with goal utility dependencies},
 booktitle = {Proceedings of the 20th International Joint Conference on Artificial Intelligence},
 year = {2007},
 location = {Hyderabad, India},
 pages = {1872--1878},
 numpages = {7},
 url = {http://dl.acm.org/citation.cfm?id=1625275.1625578},
 acmid = {1625578},
} 

@inproceedings{SGSST:AI:07,
 author = {Sanchez, Marti and de Givry, Simon and Schiex, Thomas},
 title = {Mendelian error detection in complex pedigrees using weighted constraint satisfaction techniques},
 booktitle = {Proceedings of the 2007 conference on Artificial Intelligence Research and Development},
 year = {2007},
 isbn = {978-1-58603-798-7},
 pages = {29--37},
 numpages = {9},
 url = {http://dl.acm.org/citation.cfm?id=1566803.1566811},
 acmid = {1566811},
 publisher = {IOS Press},
 address = {Amsterdam, The Netherlands, The Netherlands},
 keywords = {Bayesian Networks, Bioinformatics, Constraint Satisfaction Problems},
} 

@article{S:AI:02,
 author = {Sandholm, Tuomas},
 title = {Algorithm for optimal winner determination in combinatorial auctions},
 journal = {Artificial Intelligence},
 issue_date = {02/01/2002},
 volume = {135},
 number = {1-2},
 month = feb,
 year = {2002},
 issn = {0004-3702},
 pages = {1--54},
 numpages = {54},
 url = {http://dx.doi.org/10.1016/S0004-3702(01)00159-X},
 doi = {10.1016/S0004-3702(01)00159-X},
 acmid = {506695},
 publisher = {Elsevier Science Publishers Ltd.},
 address = {Essex, UK},
 keywords = {auction, bidding with synergies, combinatorial auction, multi-item auction, multi-object auction, multiagent systems, winner determination},
} 

@TechReport{K:MSR:05,
  author =  "Vladimir Kolmogorov",
  title = "Primal-dual Algorithm for Convex {M}arkov Random
     Fields",
  institution =  "Microsoft Research",
  number =  "MSR-TR-2005-117",
  year =  "2005",
  month = sep,
  URL =   "ftp://ftp.research.microsoft.com/pub/tr/TR-2005-117.pdf",
  keywords =  "Markov Random Fields, minimum cut/maximum flow,
     minimum cost network flow, $L^\natural$-convex
     functions",
}

@INPROCEEDINGS{ZSH:CSC:10,
  author    = {Stanislav Zivny and
               Peter Jeavons},
  title     = {Classes of Submodular Constraints Expressible by Graph Cuts},
  booktitle = {Proceedings of the International Conference on Principles and Practice of Constraint Programming},
  year      = {2008},
  pages     = {112-127},
  ee        = {http://dx.doi.org/10.1007/978-3-540-85958-1_8},
  bibsource = {DBLP, http://dblp.uni-trier.de}
}

@article{B:ACM:94,
 author = {Baker, Brenda S.},
 title = {Approximation algorithms for {NP}-complete problems on planar graphs},
 journal = {Journal of the ACM},
 issue_date = {Jan. 1994},
 volume = {41},
 number = {1},
 month = jan,
 year = {1994},
 issn = {0004-5411},
 pages = {153--180},
 numpages = {28},
 url = {http://doi.acm.org/10.1145/174644.174650},
 doi = {10.1145/174644.174650},
 acmid = {174650},
 publisher = {ACM},
 address = {New York, NY, USA},
 keywords = {Hamiltonian circuit, Hamiltonian path, NP-complete, approximation algorithms, approximation schemes, dominating set, independent set, partition into perfect matchings, partition into triangles, planar graphs, vertex cover},
} 

@inproceedings{K:CP:08,
 author = {T. K. Satish Kumar},
 title = {A Framework for Hybrid Tractability Results in Boolean Weighted Constraint Satisfaction Problems},
 booktitle = {Proceedings of the 14th International Conference on Principles and Practice of Constraint Programming},
 year = {2008},
 isbn = {978-3-540-85957-4},
 location = {Sydney, Australia},
 pages = {282--297},
 numpages = {16},
 url = {http://dx.doi.org/10.1007/978-3-540-85958-1\_19},
 doi = {10.1007/978-3-540-85958-1_19},
 acmid = {1431562}
} 

@inproceedings{K:ISAIM:08,
  author    = {T. K. Satish Kumar},
  title     = {Lifting Techniques for Weighted Constraint Satisfaction
               Problems},
  booktitle = {Proceedings of the International Symposium on Artificial Intelligence and Mathematics},
  year      = {2008},
  ee        = {http://isaim2008.unl.edu/PAPERS/TechnicalProgram/ISAIM2008_0004_d1de5114b3cb94de7e670ab2905c3b3d.pdf},
  bibsource = {DBLP, http://dblp.uni-trier.de}
}

@inproceedings{CKMST:STOC:11,
 author = {Christiano, Paul and Kelner, Jonathan A. and Madry, Aleksander and Spielman, Daniel A. and Teng, Shang-Hua},
 title = {Electrical flows, {L}aplacian systems, and faster approximation of maximum flow in undirected graphs},
 booktitle = {Proceedings of the 43rd Annual ACM Symposium on Theory of Computing},
 year = {2011},
 isbn = {978-1-4503-0691-1},
 location = {San Jose, California, USA},
 pages = {273--282},
 numpages = {10},
 url = {http://doi.acm.org/10.1145/1993636.1993674},
 doi = {10.1145/1993636.1993674},
 acmid = {1993674},
 publisher = {ACM},
 keywords = {electrical flows, laplacian linear systems, maximum flows, minimum cuts, multiplicative weights update method},
} 

@article{BGKP:ACM:09,
 author = {Borradaile, Glencora and Klein, Philip},
 title = {An O(n log n) algorithm for maximum st-flow in a directed planar graph},
 journal = {Journal of the ACM},
 issue_date = {April 2009},
 volume = {56},
 number = {2},
 month = apr,
 year = {2009},
 issn = {0004-5411},
 pages = {9:1--9:30},
 articleno = {9},
 numpages = {30},
 url = {http://doi.acm.org/10.1145/1502793.1502798},
 doi = {10.1145/1502793.1502798},
 acmid = {1502798},
 publisher = {ACM},
 address = {New York, NY, USA},
 keywords = {Maximum flow, planar graphs},
} 

@book{CSRL:IA:01,
 author = {Cormen, Thomas H. and Stein, Clifford and Rivest, Ronald L. and Leiserson, Charles E.},
 title = {Introduction to Algorithms},
 year = {2001},
 isbn = {0070131511},
 edition = {2nd},
 publisher = {McGraw-Hill Higher Education},
} 

@inproceedings{O:STOC:13,
  author    = {James B. Orlin},
  title     = {Max flows in {O}(nm) time, or better},
  booktitle = {ACM Symposium on the Theory of Computing},
  year      = {2013},
  pages     = {765-774},
  ee        = {http://doi.acm.org/10.1145/2488608.2488705},
  bibsource = {DBLP, http://dblp.uni-trier.de}
}

@article{JK:ETH:12,
  author =  {Stefanie Jegelka and Andreas Krause},
  title = "Tutorial on Submodularity in Machine Learning and Computer Vision",
  institution =  "ETH",
  number =  "http://submodularity.org/submodularity-2012.pdf",
  year =  "2012",
  URL =   {http://submodularity.org/submodularity-2012.pdf},
}

@article{AJCT:SIAM:94,
 author = {Ravindra K. Ahuja and Orlin James B. and Stein Clifford and Robert E. Tarjan},
 title = {Improved Algorithms for Bipartite Network Flow},
 journal = {SIAM Journal on Computing},
 issue_date = {Oct. 1994},
 volume = {23},
 number = {5},
 month = oct,
 year = {1994},
 issn = {0097-5397},
 pages = {906--933},
 numpages = {28},
 url = {http://dx.doi.org/10.1137/S0097539791199334},
 doi = {10.1137/S0097539791199334},
 acmid = {196753},
 publisher = {Society for Industrial and Applied Mathematics},
 address = {Philadelphia, PA, USA},
 keywords = {bipartite graphs, maximum flow, minimum-cost flow, network flow, parallel algorithms, parametric maximum flow},
} 

@article{KSG:JMLR:08,
AUTHOR = {Andreas Krause and Ajit Singh and Carlos Guestrin},
TITLE = {Near-Optimal Sensor Placements in Gaussian Processes: Theory, Efficient Algorithms and Empirical Studies},
JOURNAL = {Journal of Machine Learning Research},
YEAR = {2008},
volume = {9},
pages = {235-284},
month = {February},
wwwfilebase = {jmlr2008-krause-singh-guestrin},
wwwtopic = {Observation Selection},
}

@inproceedings{KCK:SARA:13,
  author    = {T. K. Satish Kumar and
               Liron Cohen and
               Sven Koenig},
  title     = {Submodular Constraints and Planar Constraint Networks: New Results},
  booktitle = {Symposium on Abstraction, Reformulation and Approximation},
  year      = {2013},
  ee        = {http://www.aaai.org/ocs/index.php/SARA/SARA13/paper/view/7265},
  bibsource = {DBLP, http://dblp.uni-trier.de}
}
